@article{aitken1982,
  AUTHOR="Norman D. Aitken",
  TITLE="College Student Performance, Satisfaction and Retention: Specification and Estimation of a Structural Model",
  JOURNAL="Journal of Higher Education",
  VOLUME="53",
  PAGES="32-50",
  YEAR=1982,
}

@BOOK{ct2009,
  AUTHOR =       "A. Colin Cameron and Pravin K. Trivedi",
  TITLE =        "Microeconometrics Using Stata",
  PUBLISHER =    "Stata Press",
  YEAR =         "2009",
  edition =      "1st",
}
@article{ds2003,
  author = "Harris Dellas and Plutarchos Sakellaris",
  title = "On the Cyclicality of Schooling: Theory and Evidence",
  journal = "Oxford Economics Papers",
  year = "2003",
  volume = "55",
  pages = "148-172",
}

@article{kh2001,
  author = "George D. Kuh and Shouping Hu",
  title = "The Effects of Student-Faculty Interacation in the 1990s",
  journal = "Review of Higher Education",
  year = "2001",
  volume = "24",
  pages = "309-332",
}

@article{kh2001a,
  author = "George D. Kuh and Shouping Hu",
  title = "The Relationship Between Computer and Information Technology Use, Selected Learning and Personal Development Outcomes, and Other College Experiences",
  journal = "Journal of College Student Development",
  year = "2001",
  volume = "42",
  pages = "217-232",
}

@article{ts2001,
  author = "Robert K. Toutkoushian and John C. Smart",
  title = "Do Institutional Characteristics Affect Student Gains from College?",
  journal = "Review of Higher Education",
  volume = "25",
  year = "2001",
  pages = "39-61",
}

@article{karemera2003,
  author = "David Karemera and Lucy J. Reuben and Marion R. Sillah",
  title = "The Effects of Academic Environment and Background Characteristics on Student Satisfaction and Performance:  The Case of South Carolina State University School of Business",
  journal = "College Student Journal",
  year = "2003",
  volume = "37",
  pages = "298-308",
}

@article{sacerdote2001,
  author = "Bruce Sacerdote",
  title = "Peer Effects with Random Assignment:  Results for Dartmouth Roommates",
  journal = "Quarterly Journal of Economics",
  year = "2001",
  volume = "116",
  pages = "681-704",
}

@article{hanushek2003,
  author = "Eric A. Hanushek and John F. Kain and Jacob M. Markman and Steven G. Rivkin",
  title = "Does Peer Ability Affect Student Achievement?",
  journal = "Journal of Applied Econometrics",
  year = "2003",
  volume = "18",
  pages = "527-544",
}

@article{er1998,
  author = "Dennis Epple and Richard E. Romano",
  title = "Competition Between Private and Public Schools, Vouchers, and Peer-Group Effects",
  journal = "American Economic Review",
  year = "1998",
  volume = "88",
  pages = "33-62",
}

@article{zimmerman2003,
  author = "David J. Zimmerman",
  title = "Peer Effects in Academic Outcomes: Evidence From a Natural Experiment",
  journal = "Review of Economics and Statistics",
  year = "2003",
  volume = "85",
  pages = "9-23",
}

@book{coleman1966,
  author="James Samuel Coleman",
  title = "Equality of Educational Opportunity",
  publisher = "U.S. Department of Health, Education, and Welfare, Office of Education, U.S. Government Printing Office",
  year = "1966",
}

@article{bettsmorrell1999,
  author = "Julian R. Betts and Darlene Morell",
  title = "The Determinants of Undergraduate Grade Point Average: The Relative Importance of Family Background, High School Resources, and Peer Group Effects",
  journal = "Journal of Human Resources",
  year = "1999",
  volume = "34",
  pages = "268-293",
}

@article{flowers2004,
  author = "Lamont A. Flowers",
  title = "Effects of Living on Campus on African American Students' Educational Gains in College",
  journal = "NASPA Journal",
  year = "2004",
  volume = "41",
  pages = "277-293",
}

@article{pikekuh2005,
  author = "Gary R. Pike and George D. Kuh",
  title = "First- and Second- Generation College Students: A Comparison of Their Engagement and Intellectual Development",
  journal = "Journal of Higher Education",
  year = "2005",
  volume = "76",
  pages = "276-301",
}

@article{delucchi1993,
  author = "Michael Delucchi",
  title = "Academic Performance in a College Town",
  journal = "Education",
  year = "1993",
  volume = "116",
}

@article{hms1978,
  author = "Vernon Henderson and Peter Mieszkowski and Yvon Sauvageau",
  title = "Peer Group Effects and Educational Production Functions",
  journal = "Journal of Public Economics",
  year = "1978",
  volume = "10",
  pages = "97-196",
}

@article{kpv1997,
  author="George D. Kuh and C. Robert Pace and Nick Vesper",
  title = "The Development of Process Indicators to Estimate Student Gains Associated with Good Practices in Undergraduate Education",
  journal = "Research in Higher Education",
  year = "1997",
  volume = "38",
  pages = "435-454",
}

@book{lvb1975,
  author="Oscar T. Lenning and Leo A. Munday and O. Bernard Johnson and Allen R. VanderWell and Eldon J. Brue",
  title = "The Many Faces of College Success and Their Nonintellective Correlates",
  publisher = "American College Testing Program",
  address = "Iowa City",
  year = "1975",
}

@article{kanoy1996,
  author = "Korrel W. Kanoy and Judy Woodson Bruhn",
  title = "Effects of a First-Year Living and Learning Residence Hall on Retention and Academic Performance",
  journal = "Journal of the Freshman Year Experience and Students in Transition",
  volume = "8",
  pages = "7-23",
  year = "1996",
}

@article{nowack1985,
  author = "Kenneth W. Kowack and Alan L. Hanson",
  title = "Academic Achievement of Freshman as a Function of Residence Hall Housing",
  journal = "NASPA Journal",
  volume = "22",
  pages = "22-28",
  year = "1985",
}

@article{pascarella1993,
  author = "Ernest Pascarella and Louise Bohr and Amaury Nora and Barbara Zusman and Patricia Inman and Mary Desler",
  title = "Congnitive Impacts of Living on Campus versus Commuting to College",
  journal = "Journal of College Student Development",
  volume = "34",
  pages = "216-220",
  year = "1993",
}

@incollection{sm1994,
  author = "C. C. Schroeder and P. Maple",
  title = "Residence Halls and the College Experience: Past and Present",
  editor = "C. C. Schroeder and P. Maple",
  booktitle = "Realizing the Educational Potential of Residence Halls",
  publisher = "Jossey-Bass",
  address = "San Francisco",
  pages = "107-132",
  year = "1994",
}

@book{pt1991,
  author = "Ernest Pascarella and Patrick T. Terenzini",
  title = "How College Affects Students: Findings and Insights From Twenty Years of Research",
  publisher = "Jossey-Bass",
  address = "San Francisco",
  year = "1991",
}

@article{tsr1993,
  author = "Jane Thompson and Virginia Samiratedu and John Rafter",
  title = "The Effects of On-Campus Residence on First-Time College Students",
  journal = "NASPA Journal",
  volume = "31",
  pages = "41-47",
  year = "1993",
}

@article{schrager1986,
  author = "Rick H. Schrager",
  title = "The Impact of Living Group Social Climate on Student Academic Performance",
  journal = "Research in Higher Education",
  volume = "25",
  pages = "265-276",
  year = "1986",
}

@article{heckman1979,
  author = "James J. Heckman",
  title = "Sample Selection Bias as a Specification Error",
  journal = "Econometrica",
  volume = "47",
  pages = "153-161",
  year = "1979",
}

@book{trivedi,
  author = "A. Colin Cameron and Pravin K. Trivedi",
  title = "Microeconometrics: Methods and Applications",
  publisher = "Cambridge University Press",
  address="New York",
  year="2005",
}

@book{wooldridge,
  author = "Jeffrey M. Wooldridge",
  title = "Econometric Analysis of Cross Section and Panel Data",
  publisher = "MIT Press",
  address = "Cambridge, MA",
  year = "2002"
}

@book{astin1993,
  author = "A. W. Astin",
  title = "What Matters in College:  Four critical Years Revisited",
  publisher = "Jossey-Boss",
  address = "San Francisco",
  year = "1993",
}

@article{sax2003,
  author = "Linda J. Sax and Shannon K. Gilmartin and Alyssa N. Bryant",
  title = "Assessing Response Rates and Nonresponse Bias in Web and Paper Surveys",
  journal = "Research in Higher Education",
  volume = "44",
  pages = "409-432",
  year = 2003,
}

@article{dam2010,
  author = "Pedro de Araujo and James Murray",
  title = "Estimating the Effects of Dormitory Living on Student Performance",
  journal = "Economics Bulletin",
  volume = "30",
  pages = "866-878",
  year = 2010,
}
